@Misc{std:uml,
    title = {UML  â€”  Unified Modeling Language},
    date = {2017},
    url = {https://www.omg.org/spec/UML/},
}